<?xml version="1.0" encoding="UTF-8"?><collection xmlns="http://www.loc.gov/MARC21/slim"><record><leader>00354nam--2200109-i-4500</leader><controlfield tag="001">000048346</controlfield><controlfield tag="002">20161230</controlfield><controlfield tag="005">20161230201046</controlfield><controlfield tag="008">060222s1000------------r-----000-0-eng-d</controlfield><datafield ind1=" " ind2=" " tag="245"><subfield code="a">Zeitschrift und periodica der bibliothek ds hahn-meitner-inst.fur kernforschung. stand 1.4.1963</subfield></datafield><datafield ind1=" " ind2=" " tag="260"><subfield code="a">Berlin, Hahn-meitner-inst.F.Kernforschung, 1963. 19 P</subfield></datafield><datafield ind1=" " ind2=" " tag="852"><subfield code="a">D.1102</subfield></datafield></record></collection>